@article{mapaconceitual,
    author = {IRLA BOCIANOSKI REBELO},
    year={2009},
    title = {APOSTILA DE IHC: Interação Entre Homem e Computador},
    url  = {https://irlabr.wordpress.com/apostila-de-ihc/parte-1-ihc-na-pratica/modelos-conceituais/},
    addendum = {(acesso em: 01.11.2019)},
    keywords = {ihc}
}

@internet{iso,
  title={ISO/IEC 27002:2013},
  author={ABNT - Associação Brasileira de Normas Técnicas},
  internetaddress = {https://www.fieb.org.br/download/senai/NBR_ISO_27002.pdf}
  year={2013},
   day=24,
   month=sep,
   year=1997
}

@internet{sandhu1997,
  title={Role-Based Access Control},
  author={SANDHU, R. S.},
  internetaddress ={https://www.profsandhu.com/cs5323_s17/sandhu-1998.pdf},
    day=24,
   month=sep,
   year=1997
}

@phdthesis{junior2018},
   author={Dorival Moreira Machado JUNIOR},
   title={Segurança da informação: uma abordagem sobre proteção da privacidade em internet das coisa},
   address={São Paulo},
   school={Pontifícia Universidade Católica de São Paulo},
   year=2018}